% ----------------------
% INTRO
% ----------------------
@article{karmiloff1994beyond,
  title={Beyond modularity: A developmental perspective on cognitive science},
  author={Karmiloff-Smith, By A},
  journal={European journal of disorders of communication},
  volume={29},
  number={1},
  pages={95--105},
  year={1994},
  publisher={Taylor \& Francis}
}

@article{deak2003development,
  title={The development of cognitive flexibility and language abilities},
  author={Deak, Gedeon O},
  journal={Advances in child development and behavior},
  volume={31},
  pages={273--328},
  year={2003},
  publisher={Academic Press}
}

@article{egidi2006decomposition,
  title={Decomposition patterns in problem solving},
  author={Egidi, Massimo},
  journal={Contributions to Economic Analysis},
  volume={280},
  pages={15--46},
  year={2006},
  publisher={Elsevier}
}

@article{osiurak2017affordance,
  title={What is an affordance? 40 years later},
  author={Osiurak, Fran{\c{c}}ois and Rossetti, Yves and Badets, Arnaud},
  journal={Neuroscience \& Biobehavioral Reviews},
  volume={77},
  pages={403--417},
  year={2017},
  publisher={Elsevier}
}

@article{maranesi2014cortical,
  title={Cortical processing of object affordances for self and others' action},
  author={Maranesi, Monica and Bonini, Luca and Fogassi, Leonardo},
  journal={Frontiers in psychology},
  volume={5},
  pages={538},
  year={2014},
  publisher={Frontiers Media SA}
}

@article{horton2012affordances,
  title={Affordances for robots: a brief survey},
  author={Horton, Thomas E and Chakraborty, Arpan and Amant, Robert St},
  journal={AVANT. Pismo Awangardy Filozoficzno-Naukowej},
  volume={2},
  pages={70--84},
  year={2012}
}

@inproceedings{dechant2021toward,
    title={Toward robots that learn to summarize their actions in natural language: a set of tasks},
    author={Chad DeChant and Daniel Bauer},
    booktitle={5th Annual Conference on Robot Learning, Blue Sky Submission Track},
    year={2021},
    url={https://openreview.net/forum?id=n3AW_ISWCXf}
}

@article{konidaris2019necessity,
  title={On the necessity of abstraction},
  author={Konidaris, George},
  journal={Current opinion in behavioral sciences},
  volume={29},
  pages={1--7},
  year={2019},
  publisher={Elsevier}
}

@article{Ahmetoglu_2022,
   title={DeepSym: Deep Symbol Generation and Rule Learning for Planning from Unsupervised Robot Interaction},
   volume={75},
   ISSN={1076-9757},
   url={http://dx.doi.org/10.1613/jair.1.13754},
   DOI={10.1613/jair.1.13754},
   journal={Journal of Artificial Intelligence Research},
   publisher={AI Access Foundation},
   author={Ahmetoglu, Alper and Seker, M. Yunus and Piater, Justus and Oztop, Erhan and Ugur, Emre},
   year={2022},
   month=nov, pages={709â€“745} 
}


% ----------------------
% STATE OF THE ART
% ----------------------

@article{kroemer2021review,
  title={A review of robot learning for manipulation: Challenges, representations, and algorithms},
  author={Kroemer, Oliver and Niekum, Scott and Konidaris, George},
  journal={The Journal of Machine Learning Research},
  volume={22},
  number={1},
  pages={1395--1476},
  year={2021},
  publisher={JMLRORG}
}


@misc{gupta2019relay,
      title={Relay Policy Learning: Solving Long-Horizon Tasks via Imitation and Reinforcement Learning}, 
      author={Abhishek Gupta and Vikash Kumar and Corey Lynch and Sergey Levine and Karol Hausman},
      year={2019},
      eprint={1910.11956},
      archivePrefix={arXiv},
      primaryClass={cs.LG}
}

@inproceedings{simeonov2021long,
  title={A long horizon planning framework for manipulating rigid pointcloud objects},
  author={Simeonov, Anthony and Du, Yilun and Kim, Beomjoon and Hogan, Francois and Tenenbaum, Joshua and Agrawal, Pulkit and Rodriguez, Alberto},
  booktitle={Conference on Robot Learning},
  pages={1582--1601},
  year={2021},
  organization={PMLR}
}

@article{hu2019hierarchical,
  title={Hierarchical decision making by generating and following natural language instructions},
  author={Hu, Hengyuan and Yarats, Denis and Gong, Qucheng and Tian, Yuandong and Lewis, Mike},
  journal={Advances in neural information processing systems},
  volume={32},
  year={2019}
}







% ----------------------
% GAUSSIAN, CNMP CNP
% ----------------------
@article{seeger2004gaussian,
  title={Gaussian processes for machine learning},
  author={Seeger, Matthias},
  journal={International journal of neural systems},
  volume={14},
  number={02},
  pages={69--106},
  year={2004},
  publisher={World Scientific}
}

@article{DBLP:journals/corr/abs-1807-01613,
  author       = {Marta Garnelo and
                  Dan Rosenbaum and
                  Chris J. Maddison and
                  Tiago Ramalho and
                  David Saxton and
                  Murray Shanahan and
                  Yee Whye Teh and
                  Danilo J. Rezende and
                  S. M. Ali Eslami},
  title        = {Conditional Neural Processes},
  journal      = {CoRR},
  volume       = {abs/1807.01613},
  year         = {2018},
  url          = {http://arxiv.org/abs/1807.01613},
  eprinttype    = {arXiv},
  eprint       = {1807.01613},
  timestamp    = {Mon, 13 Aug 2018 16:47:56 +0200},
  biburl       = {https://dblp.org/rec/journals/corr/abs-1807-01613.bib},
  bibsource    = {dblp computer science bibliography, https://dblp.org}
}

@inproceedings{Ugur-RSS-19,
    AUTHOR    = {Muhammet Yunus Seker AND Mert Imre AND Justus Piater AND Emre Ugur}, 
    TITLE     = {Conditional Neural Movement Primitives}, 
    BOOKTITLE = {Proceedings of Robotics: Science and Systems}, 
    YEAR      = {2019}, 
    ADDRESS   = {FreiburgimBreisgau, Germany}, 
    MONTH     = {June}, 
    DOI       = {10.15607/RSS.2019.XV.071}} 
